#------------------------------------------------------------------------------#
#--------#
# Theses #
#--------#

@thesis{bib:choudhary13TrussOptim,
  title = {Discrete optimization of truss weight using genetic algorithm},
  author = {Gajanan Krishna Choudhary},
  month = {05},
  year = {2013},
  type = {Unpublished Bachelor's Report},
  address = {Kharagpur, WB, India},
  school = {Indian Institute of Technology (IIT) Kharagpur},
  institution = {Indian Institute of Technology (IIT) Kharagpur},
  keywords = {thesis},
}

@mastersthesis{bib:choudhary17SWE2D3DCoupling,
  author = {Gajanan Krishna Choudhary},
  title = {Algebraic coupling of 2{D} and 3{D} shallow water finite element models},
  year = {2017},
  urldate = {2017-07-13},
  url = {http://dx.doi.org/10.15781/T2Q81570X},
  doi = {10.15781/T2Q81570X},
  type = {Master's Report},
  school = {The University of Texas at Austin},
  institution = {The University of Texas at Austin},
  address = {Austin, TX, USA},
  keywords = {thesis},
}

@phdthesis{bib:choudhary19SWE2D3DCoupling,
  author = {Gajanan Krishna Choudhary},
  title = {Coupled atmospheric, hydrodynamic, and hydrologic models for
           simulation of complex phenomena},
  year = {2019},
  urldate = {2020-04-20},
  url = {http://dx.doi.org/10.26153/tsw/7729},
  doi = {10.26153/tsw/7729},
  type = {Doctoral Dissertation},
  school = {The University of Texas at Austin},
  institution = {The University of Texas at Austin},
  address = {Austin, TX, USA},
  keywords = {thesis, select},
}

#------------------------------------------------------------------------------#
#----------#
# Articles #
#----------#

@inproceedings{bib:choudhary12CrackPaper,
  author={Gajanan Krishna Choudhary and Sayan Dey},
  booktitle={2012 {IEEE} {F}ifth {I}nternational {C}onference on {A}dvanced {C}omputational {I}ntelligence ({ICACI})}, 
  title={Crack detection in concrete surfaces using image processing, fuzzy logic, and neural networks}, 
  year={2012},
  pages={404-411},
  doi={10.1109/ICACI.2012.6463195},
  url={http://dx.doi.org/10.1109/ICACI.2012.6463195},
  address={Nanjing, China},
  keywords = {article, select},
}

@article{bib:choudhary15ShearFlow,
  title = "An algorithm for shear stress evaluation in ship hull girders",
  journal = "Ocean Engineering",
  volume = "108",
  pages = "678 - 691",
  year = "2015",
  issn = "0029-8018",
  doi = "10.1016/j.oceaneng.2015.08.048",
  url = "http://www.sciencedirect.com/science/article/pii/S0029801815004461",
  author = "Gajanan Krishna Choudhary and Karan M. Doshi",
  keywords = "article",
}

@article{bib:trahan2018SW3D,
  title = "Formulation and application of the {A}daptive {H}ydraulics three-dimensional shallow water and transport models",
  journal = "Journal of Computational Physics",
  volume = "374",
  pages = "47 - 90",
  year = "2018",
  issn = "0021-9991",
  doi = "10.1016/j.jcp.2018.04.055",
  url = "http://www.sciencedirect.com/science/article/pii/S0021999118302882",
  author = "C.J. Trahan and G. Savant and R.C. Berger and M. Farthing and T.O.
McAlpin and L. Pettey and Gajanan Krishna Choudhary and C.N. Dawson",
  keywords = "article",
}

@article{bib:choudhary20SW2D3DPaper,
  title = "Strongly coupled 2{D} and 3{D} shallow water models for simulation of baroclinic flows involving wetting-drying",
  journal = "In draft",
  year = "2020",
  author = "Gajanan Krishna Choudhary and Trahan, C. J. and Pettey, L. and
            Farthing, M. and Inanc, E. and Savant, G. and Dawson, C.",
  keywords = "article",
}

@article{bib:choudhary21WaterCouplerPaper,
  title = "Water {C}oupler: {A} {P}ython software for coupling hydrodynamic and hydrologic models for simulation of compound floods",
  journal = "In draft",
  year = "2020",
  author = "Gajanan Krishna Choudhary and Trahan, C. J. and Dawson, C. and Farthing, M.",
  keywords = "article",
}

#------------------------------------------------------------------------------#
#-------#
# Talks #
#-------#

@booklet{bib:choudhary12CrackTalk,
  author={Gajanan Krishna Choudhary and Sayan Dey},
  title={Crack detection in concrete surfaces using image processing, fuzzy logic, and neural networks}, 
  howpublished= {Paper presented at the 2012 {IEEE} Fifth International Conference on Advanced Computational Intelligence ({ICACI})}, 
  year={2012},
  month={10},
  url={https://users.oden.utexas.edu/~gajanan/assets/files/talks/2012-ICACI__Crack-detection-in-concrete.pdf?pdf=2012-i__cdic},
  %doi={10.1109/ICACI.2012.6463195},
  address={Nanjing, China},
  keywords = {talk},
}

@booklet{bib:choudhary17IMUMSWE2D3D,
  author={Gajanan Krishna Choudhary and Trahan, C. and Pettey, L. and Farthing, M. and C. Dawson},
  title={Algebraic coupling of 2{D} and 3{D} shallow water finite element models},
  howpublished= {Presented at the 16th International workshop on Multi-scale
                 (Un)-structured mesh numerical Modeling for coastal, shelf, and
                 global ocean dynamics},
  year={2017},
  month={9},
  address={Stanford, CA, USA},
  keywords = {talk},
  url = {http://web.stanford.edu/group/imum2017/imum2017_abstracts.pdf},
}

@booklet{bib:choudhary17SWE2D3DPoster,
  author={Gajanan Krishna Choudhary and Trahan, C. and Pettey, L. and
          Farthing, M. and Dawson, C.},
  title={Strongly coupled 2{D} and 3{D} shallow water models}, 
  howpublished= {Poster presented at External Advisory Committee Meeting at The University of Texas at Austin}, 
  year={2017},
  month={10},
  address={Austin, TX, USA},
  keywords = {discardedtalk},
  url = {https://users.oden.utexas.edu/~gajanan/assets/files/talks/2017-UT-Austin-EAC-Poster__Strongly-coupled-2D-and-3D-shallow-water-models.pdf?pdf=2017-uaep__sc2a3swm},
}

@booklet{bib:choudhary19PhDDefense,
  author = {Gajanan Krishna Choudhary},
  title = {Coupled atmospheric, hydrodynamic, and hydrologic models for
           simulation of complex phenomena},
  year = {2019},
  month = {9},
  howpublished= {PhD Defense presented to the Dissertation Committee and the public at The University of Texas at Austin}, 
  url = {https://users.oden.utexas.edu/~gajanan/assets/files/talks/2019-Choudhary-PhD-Defense__Coupled-atmospheric-hydrodynamic-and-hydrologic-models.pdf?pdf=2019-cpd__cahahm},
  school = {The University of Texas at Austin},
  institution = {The University of Texas at Austin},
  address = {Austin, TX, USA},
  %doi = {10.26153/tsw/7729},
  keywords = {talk},
}

@booklet{bib:choudhary20pyADCIRC,
  author={Gajanan Krishna Choudhary and Dawson, C.},
  title={{pyADCIRC}: {A} {P}ython interface for accessing functions and variables of {ADCIRC} in {P}ython}, 
  howpublished= {Presented at the 2020 Virtual ADCIRC Users Group Meeting},
  year={2020},
  month={3},
  keywords = {talk, select},
  doi = {10.17615/mnf0-hw98},
}


#------------------------------------------------------------------------------#
#---------------#
# Other reports #
#---------------#

@thesis{bib:choudhary14IRSTorsionGuide,
  author={Gajanan Krishna Choudhary and Karan M. Doshi},
  title={A guideline for torsion analysis of container ships}, 
  year={2014},
  type = {Internal Guideline},
  address = {Mumbai, MH, India},
  institution = {Indian Register of Shipping},
  keywords = {report},
}

@thesis{bib:choudhary14IRSSectorailPropertiesGuide,
  author={Gajanan Krishna Choudhary and Karan M. Doshi},
  title={An algorithm for evaluation of sectorial properties of arbitrarily
         shaped prismatic thin-walled beams}, 
  year={2014},
  type = {Internal Report},
  address = {Mumbai, MH, India},
  institution = {Indian Register of Shipping},
  keywords = {report},
}

@report{bib:various15SSPEEDReport,
  author={{Various authors}},
  title={{SSPEED} {C}enter {R}eport on {H}ouston-{G}alveston {A}rea {P}rotection {S}ystem}, 
  year={2015},
  type = {Annual Report},
  address = {Houston, TX, USA},
  school = {Rice University},
  institution = {Rice University},
  url = {http://speed.rice.edu/sspeed/downloads/HGAPS_Report_08_31_15.pdf},
  keywords = {report},
}

@report{bib:choudhary15PETTT,
  author={Gajanan Krishna Choudhary and Puskhar Kumar Jain and Dawson, C.},
  title={Parallel Meteorological Input Library Development}, 
  year={2015},
  month={8},
  type = {Final Technical Report},
  institution = {PETTT Pre-Planned Project PP-EQM-KY06-001-P3, DoD HPC Modernization Program},
  keywords = {report},
}

@report{bib:choudhary17PETTT,
  author={Gajanan Krishna Choudhary and Dawson, C.},
  title={Improved Coupling of Multiscale Computational Models within the
          {A}daptive {H}ydraulics ({AdH}) Framework}, 
  year={2017},
  month={8},
  type = {Final Technical Report},
  institution = {PETTT Pre-Planned Project PP-EQM-KY07-001-P3, DoD HPC Modernization Program},
  keywords = {report},
}

@thesis{bib:choudhary18SWE2D3DVerVal,
  title = {Verification and validation of coupled 2{D}-3{D} shallow water finite element models},
  author = {Gajanan Krishna Choudhary},
  year = {2018},
  month = {5},
  type = {Unpublished report for Graduate Portfolio in Scientific Computation},
  address = {Austin, TX, USA},
  school = {The University of Texas at Austin},
  institution = {The University of Texas at Austin},
  keywords = {report},
}

@report{bib:choudhary18PETTT,
  author={Gajanan Krishna Choudhary and Dawson, C.},
  title={Three Dimensional Spatial Adaption Investigation in the {A}daptive
          {H}ydraulics Suite}, 
  year={2018},
  month={8},
  type = {Final Technical Report},
  institution = {PETTT Special Project BY17-093SP, DoD HPC Modernization Program},
  keywords = {report},
}

@report{bib:choudhary19PETTT,
  author={Gajanan Krishna Choudhary and Dawson, C.},
  title={Actionable {HPC} methods for predicting high-fidelity weather and hydrodynamics}, 
  year={2019},
  month={8},
  type = {Final Technical Report},
  institution = {PETTT Pre-Planned Project PP-EQM-KY09-001-P3, DoD HPC Modernization Program},
  keywords = {report},
}

